@preamble{{
% The following hyphenation command will take care of
% correctly breaking words with dashes at lines' end.
% Add all words with dashes when adding new entries to
% this bibliography.
\hyphenation{multi=ob-jec-tive Multi=Ob-jec-tive in-struc-tor=led e=ser-vice Game=Based}
}}

@article{bevilacqua2017changes,
  title={Changes in heart rate and facial actions during a gaming session with provoked boredom and stress},
  author={Fernando Bevilacqua and Henrik Engstrom and Per Backlund},
  journal={Entertainment computing},
  volume={ [Submitted for review]},
  year={2017},
  publisher={Elsevier}
}

@article{bevilacqua2017accuracy,
  title={Accuracy Evaluation of Non-contact Heart Rate Measurements Applied to Real Gaming Situations},
  author={Fernando Bevilacqua and Henrik Engstrom and Per Backlund},
  journal={Behaviour \& Information Technology},
  volume={ [Submitted for review]},
  year={2017},
  publisher={Taylor \& Francis}
}

@phdthesis{bergmarklund2013gamesformaleducationalsettings,
	author = {{Berg Marklund}, Björn},
	isbn = {978-91-981474-0-7},
	issue = {1},
	keywords = {Learning games, educational games, game development and use},
	month = nov,
	school = {{School of Informatics, University of Sk\"{o}vde, Sweden}},
	series = {{Dissertation Series}},
	title = {{Games in Formal Educational Settings: Obstacles for the development and use of learning games}},
	url = {http://urn.kb.se/resolve?urn=urn%3Anbn%3Ase%3Ahis%3Adiva-8627},
	year = {2013}
}

@phdthesis{aslam2013supplychainmanagement,
	author = {Aslam, Tehseen},
	isbn = {978-91981474-1-4},
	issue = {2},
	keywords = {Supply Chain Management, System Dynamics, Multi-Objective Optimization},
	month = dec,
	school = {{School of Informatics, University of Sk\"{o}vde, Sweden}},
	series = {{Dissertation Series}},
	title = {{Analysis of manufacturing supply chains using system dynamics and multi-objective optimization}},
	url = {http://urn.kb.se/resolve?urn=urn%3Anbn%3Ase%3Ahis%3Adiva-8661},
	year = {2014}
}

@phdthesis{laxhammar2014anomalydetection,
	author = {Laxhammar, Rikard},
	isbn = {978-91-981474-2-1},
	issue = {3},
	keywords = {Anomaly detection, conformal prediction, trajectory analysis, video surveillance, maritime surveillance},
	month = feb,
	school = {{School of Informatics, University of Sk\"{o}vde, Sweden}},
	series = {{Dissertation Series}},
	title = {{Conformal anomaly detection: Detecting abnormal trajectories in surveillance applications}},
	url = {http://urn.kb.se/resolve?urn=urn%3Anbn%3Ase%3Ahis%3Adiva-8762},
	year = {2014}
}

@phdthesis{alklindtaylor2014facilitationmatters,
	author = {Anna-Sofia {Alklind Taylor}},
	isbn = {978-91-981474-4-5},
	issue = {4},
	keywords = {Serious games, serious gaming, game-based training},
	month = sep,
	school = {{School of Informatics, University of Sk\"{o}vde, Sweden}},
	series = {{Dissertation Series}},
	title = {{Facilitation matters: A framework for instructor-led serious gaming}},
	url = {http://urn.kb.se/resolve?urn=urn%3Anbn%3Ase%3Ahis%3Adiva-9923},
	year = {2014}
}

@phdthesis{holgersson2014userparticipation,
	author = {Holgersson, Jesper},
	isbn = {978-91-981474-5-2},
	issue = {5},
	keywords = {User participation, public e-service development, external users},
	month = nov,
	school = {{School of Informatics, University of Sk\"{o}vde, Sweden}},
	series = {{Dissertation Series}},
	title = {{User Participation In Public e-service Development: Guidelines for including external users}},
	url = {http://urn.kb.se/resolve?urn=urn%3Anbn%3Ase%3Ahis%3Adiva-10169},
	year = {2014}
}

@phdthesis{kaidalova2015enterprisemodeling,
	author = {Kaidalova, Julia},
	isbn = {978-91-981474-6-9},
	issue = {6},
	keywords = {Enterprise modeling, business and IT alignment, enterprise architecture},
	month = nov,
	school = {{School of Informatics, University of Sk\"{o}vde, Sweden}},
	type = {{Licentiate Thesis}},
	series = {{Dissertation Series}},
	title = {{Towards a definition of the role of enterprise modeling in the context of business and IT alignment}},
	url = {http://urn.kb.se/resolve?urn=urn%3Anbn%3Ase%3Ahis%3Adiva-11695},
	year = {2015}
}

@phdthesis{rexhepi2015,
	author = {Rexhepi, Hanife},
	isbn = {978-91-981474-7-6},
	issue = {7},
	keywords = {Process orientation, Knowledge management, Healthcare, Evidence based medicine},
	month = jun,
	school = {{School of Informatics, University of Sk\"{o}vde, Sweden}},
	type = {{Licentiate Thesis}},
	series = {{Dissertation Series}},
	title = {{Improving healthcare information systems: A key to evidence based medicine}},
	url = {http://urn.kb.se/resolve?urn=urn%3Anbn%3Ase%3Ahis%3Adiva-11019},
	year = {2015}
}

@phdthesis{bergmarklund2016unpackingdigitalgamebasedlearning,
	author = {{Berg Marklund}, Björn},
	isbn = {978-91-981474-8-3},
	issue = {8},
	keywords = {Educational games, Digital Game-Based Learning, case study, games in education},
	month = jan,
	school = {{School of Informatics, University of Sk\"{o}vde, Sweden}},
	series = {{Dissertation Series}},
	title = {{Unpacking Digital Game-Based Learning: The complexities of developing and using educational games}},
	url = {http://urn.kb.se/resolve?urn=urn%3Anbn%3Ase%3Ahis%3Adiva-11805},
	year = {2016}
}
