% Encoding: UTF-8
@article{lai2015deep,
  title={Deep Cascaded Regression for Face Alignment},
  author={Lai, Hanjian and Xiao, Shengtao and Cui, Zhen and Pan, Yan and Xu, Chunyan and Yan, Shuicheng},
  journal={arXiv preprint arXiv : 1510 . 09083},
  year={2015}
}

@inproceedings{wu2015robust,
  title={Robust Facial Landmark Detection under Significant Head Poses and Occlusion},
  author={Wu, Yue and Ji, Qiang},
  booktitle={Proc. Int. Conf. Comput. Vision. IEEE},
  volume={1},
  year={2015}
}

@inproceedings{burgos2013robust,
  title={Robust face landmark estimation under occlusion},
  author={Burgos-Artizzu, Xavier P and Perona, Pietro and Doll{\'a}r, Piotr},
  booktitle={Computer Vision (ICCV), 2013 IEEE International Conference on},
  pages={1513--1520},
  year={2013},
  organization={IEEE}
}

@inproceedings{kazemi2014one,
  title={One millisecond face alignment with an ensemble of regression trees},
  author={Kazemi, Vahdat and Sullivan, Josephine},
  booktitle={Computer Vision and Pattern Recognition (CVPR), 2014 IEEE Conference on},
  pages={1867--1874},
  year={2014},
  organization={IEEE}
}

@inproceedings{xiong2013supervised,
  title={Supervised descent method and its applications to face alignment},
  author={Xiong, Xuehan and De la Torre, Fernando},
  booktitle={Computer Vision and Pattern Recognition (CVPR), 2013 IEEE Conference on},
  pages={532--539},
  year={2013},
  organization={IEEE}
}

@inproceedings{baltruvsaitis20123d,
  title={3D constrained local model for rigid and non-rigid facial tracking},
  author={Baltru{\v{s}}aitis, Tadas and Robinson, Peter and Morency, Louis-Philippe},
  booktitle={Computer Vision and Pattern Recognition (CVPR), 2012 IEEE Conference on},
  pages={2610--2617},
  year={2012},
  organization={IEEE}
}

@article{cao2014face,
  title={Face alignment by explicit shape regression},
  author={Cao, Xudong and Wei, Yichen and Wen, Fang and Sun, Jian},
  journal={International Journal of Computer Vision},
  volume={107},
  number={2},
  pages={177--190},
  year={2014},
  publisher={Springer}
}

@inproceedings{ren2014face,
  title={Face alignment at 3000 fps via regressing local binary features},
  author={Ren, Shaoqing and Cao, Xudong and Wei, Yichen and Sun, Jian},
  booktitle={Computer Vision and Pattern Recognition (CVPR), 2014 IEEE Conference on},
  pages={1685--1692},
  year={2014},
  organization={IEEE}
}

@article{viola2004robust,
  title={Robust real-time face detection},
  author={Viola, Paul and Jones, Michael J},
  journal={International journal of computer vision},
  volume={57},
  number={2},
  pages={137--154},
  year={2004},
  publisher={Springer}
}

@inproceedings{cristinacce2006feature,
  title={Feature Detection and Tracking with Constrained Local Models.},
  author={Cristinacce, David and Cootes, Timothy F},
  booktitle={BMVC},
  volume={1},
  number={2},
  pages={3},
  year={2006},
  organization={Citeseer}
}

@inproceedings{cheng20143d,
  title={3D facial geometric features for constrained local model},
  author={Cheng, Shiyang and Zafeiriou, Stefanos and Asthana, Akshay and Pantic, Maja},
  booktitle={Image Processing (ICIP), 2014 IEEE International Conference on},
  pages={1425--1429},
  year={2014},
  organization={IEEE}
}

@inproceedings{sagonas2013300,
  title={300 faces in-the-wild challenge: The first facial landmark localization challenge},
  author={Christos Sagonas and Georgios Tzimiropoulos and Stefanos Zafeiriou and Maja Pantic},
  booktitle={Computer Vision Workshops (ICCVW), 2013 IEEE International Conference on},
  pages={397--403},
  year={2013},
  organization={IEEE}
}

@article{belhumeur2013localizing,
  title={Localizing parts of faces using a consensus of exemplars},
  author={Belhumeur, Peter N and Jacobs, David W and Kriegman, David J and Kumar, Narendra},
  journal={Pattern Analysis and Machine Intelligence, IEEE Transactions on},
  volume={35},
  number={12},
  pages={2930--2940},
  year={2013},
  publisher={IEEE}
}

@incollection{le2012interactive,
  title={Interactive facial feature localization},
  author={Le, Vuong and Brandt, Jonathan and Lin, Zhe and Bourdev, Lubomir and Huang, Thomas S},
  booktitle={Computer Vision--ECCV 2012},
  pages={679--692},
  year={2012},
  publisher={Springer}
}

@book{csikszentmihalyi1991flow,
  title={Flow: The psychology of optimal experience},
  author={Csikszentmihalyi, Mihaly and Csikzentmihaly, Mihaly},
  volume={41},
  year={1991},
  publisher={HarperPerennial New York}
}

@phdthesis{yu2010facial,
  title={Facial feature detection and tracking with a 3D constrained local model},
  author={Yu, Meng},
  year={2010},
  school={University of St Andrews}
}

@techreport{maris2015,
  title={Implementation and Study of Cascaded-Regression Methods for Facial Feature Points Detection},
  author={Andrej Maris},
  year={2015},
  school={Imperial College London}
}

@article{bradski2000opencv,
  title={The opencv library},
  author={Bradski, Gary and others},
  journal={Doctor Dobbs Journal},
  volume={25},
  number={11},
  pages={120--126},
  year={2000},
  publisher={M AND T PUBLISHING INC}
}

@incollection{heylen2005facial,
  title={Facial signs of affect during tutoring sessions},
  author={Heylen, Dirk and Ghijsen, Mattijs and Nijholt, Anton and op den Akker, Rieks},
  booktitle={Affective Computing and Intelligent Interaction},
  pages={24--31},
  year={2005},
  publisher={Springer}
}

@inproceedings{jerritta2011physiological,
  title={Physiological signals based human emotion recognition: a review},
  author={Jerritta, S and Murugappan, M and Nagarajan, R and Wan, Khairunizam},
  booktitle={Signal Processing and its Applications (CSPA), 2011 IEEE 7th International Colloquium on},
  pages={410--415},
  year={2011},
  organization={IEEE}
}

@article{kukolja2014comparative,
  title={Comparative analysis of emotion estimation methods based on physiological measurements for real-time applications},
  author={Kukolja, Davor and Popovi{\'c}, Sini{\v{s}}a and Horvat, Marko and Kova{\v{c}}, Bernard and {\'C}osi{\'c}, Kre{\v{s}}imir},
  journal={International journal of human-computer studies},
  volume={72},
  number={10},
  pages={717--727},
  year={2014},
  publisher={Elsevier}
}

@Article{bailenson2008real,
  author    = {Bailenson, Jeremy N and Pontikakis, Emmanuel D and Mauss, Iris B and Gross, James J and Jabon, Maria E and Hutcherson, Cendri AC and Nass, Clifford and John, Oliver},
  title     = {Real-time classification of evoked emotions using facial feature tracking and physiological responses},
  journal   = {International journal of human-computer studies},
  year      = {2008},
  volume    = {66},
  number    = {5},
  pages     = {303--317},
  file      = {:bailenson2008real - Real-time classification of evoked emotions using facial feature tracking and physiological responses.pdf:PDF},
  publisher = {Elsevier},
}

@inproceedings{grundlehner2009design,
  title={The design and analysis of a real-time, continuous arousal monitor},
  author={Grundlehner, Bernard and Brown, Lindsay and Penders, Julien and Gyselinckx, Bert},
  booktitle={Wearable and Implantable Body Sensor Networks, 2009. BSN 2009. Sixth International Workshop on},
  pages={156--161},
  year={2009},
  organization={IEEE}
}

@inproceedings{grafsgaard2013automatically,
  title={Automatically Recognizing Facial Expression: Predicting Engagement and Frustration.},
  author={Grafsgaard, Joseph F and Wiggins, Joseph B and Boyer, Kristy Elizabeth and Wiebe, Eric N and Lester, James C},
  booktitle={EDM},
  pages={43--50},
  year={2013}
}

@inproceedings{mandryk2006continuous,
  title={A continuous and objective evaluation of emotional experience with interactive play environments},
  author={Mandryk, Regan L and Atkins, M Stella and Inkpen, Kori M},
  booktitle={Proceedings of the SIGCHI conference on Human Factors in computing systems},
  pages={1027--1036},
  year={2006},
  organization={ACM}
}

@article{garde2002effects,
  title={Effects of mental and physical demands on heart rate variability during computer work},
  author={Garde, Anne and Laursen, Bjarne and J{\o}rgensen, Anker and Jensen, Bente},
  journal={European journal of applied physiology},
  volume={87},
  number={4-5},
  pages={456--461},
  year={2002},
  publisher={Springer}
}

@inproceedings{vandeput2009heart,
  title={Heart rate variability as a tool to distinguish periods of physical and mental stress in a laboratory environment},
  author={Vandeput, Steven and Taelman, Joachim and Spaepen, A and Van Huffel, Sabine},
  booktitle={Proceedings of the 6th international workshop on biosignal interpretation (BSI), New Haven, CT},
  pages={187--190},
  year={2009}
}

@inproceedings{zhang2015noncontact,
  title={Noncontact Extraction of Breathing Waveform},
  author={Zhang, Yuzhe and Shang, Fei},
  booktitle={2015 International Power, Electronics and Materials Engineering Conference},
  year={2015},
  organization={Atlantis Press}
}

@inproceedings{yun2009game,
  title={O'game, can you feel my frustration?: improving user's gaming experience via stresscam},
  author={Yun, Chang and Shastri, Dvijesh and Pavlidis, Ioannis and Deng, Zhigang},
  booktitle={Proceedings of the SIGCHI Conference on Human Factors in Computing Systems},
  pages={2195--2204},
  year={2009},
  organization={ACM}
}

@article{rodriguez2015vr,
  title={A vr-based serious game for studying emotional regulation in adolescents},
  author={Rodriguez, Alejandro and Rey, Beatriz and Vara, Ma Dolores and Wrzesien, Maja and Alcaniz, Mariano and Banos, Rosa Ma and Perez-Lopez, David},
  journal={Computer Graphics and Applications, IEEE},
  volume={35},
  number={1},
  pages={65--73},
  year={2015},
  publisher={IEEE}
}

@article{mcduffcogcam,
  title={COGCAM: Contact-free Measurement of Cognitive Stress During Computer Tasks with a Digital Camera},
  author={McDuff, Daniel J and Hernandez, Javier and Gontarek, Sarah and Picard, Rosalind W}
}

@inproceedings{bousefsaf2013remote,
  title={Remote assessment of the heart rate variability to detect mental stress},
  author={Bousefsaf, Fr{\'e}d{\'e}ric and Maaoui, Choubeila and Pruski, Alain},
  booktitle={Pervasive Computing Technologies for Healthcare (PervasiveHealth), 2013 7th International Conference on},
  pages={348--351},
  year={2013},
  organization={IEEE}
}

@inproceedings{xiao2015towards,
  title={Towards Attentive, Bi-directional MOOC Learning on Mobile Devices},
  author={Xiao, Xiang and Wang, Jingtao},
  booktitle={Proceedings of the 2015 ACM on International Conference on Multimodal Interaction},
  pages={163--170},
  year={2015},
  organization={ACM}
}

@incollection{stockhausen2013beats,
  title={Beats down: Using heart rate for game interaction in mobile settings},
  author={Stockhausen, Claudia and Smyzek, Justine and Kr{\"o}mker, Detlef},
  booktitle={Human-Computer Interaction--INTERACT 2013},
  pages={523--530},
  year={2013},
  publisher={Springer}
}

@inproceedings{yun2010pads,
  title={PADS: enhancing gaming experience using profile-based adaptive difficulty system},
  author={Yun, Chang and Trevino, Philip and Holtkamp, William and Deng, Zhigang},
  booktitle={Proceedings of the 5th ACM SIGGRAPH Symposium on Video Games},
  pages={31--36},
  year={2010},
  organization={ACM}
}

@incollection{moussa2009applying,
  title={Applying affect recognition in serious games: The playmancer project},
  author={Moussa, Maher Ben and Magnenat-Thalmann, Nadia},
  booktitle={Motion in Games},
  pages={53--62},
  year={2009},
  publisher={Springer}
}

@inproceedings{yu2014video,
  title={Video based heart rate estimation under different light illumination intensities},
  author={Yu, Yong-Poh and Paramesran, Raveendran and Lim, Chern-Loon},
  booktitle={Intelligent Signal Processing and Communication Systems (ISPACS), 2014 International Symposium on},
  pages={216--221},
  year={2014},
  organization={IEEE}
}

@article{golden1978stroop,
  title={Stroop colour and word test},
  author={Golden, CJ},
  journal={age},
  volume={15},
  pages={90},
  year={1978}
}

@inproceedings{mcduff2015survey,
  title={A survey of remote optical photoplethysmographic imaging methods},
  author={McDuff, Daniel J and Estepp, Justin R and Piasecki, Alyssa M and Blackford, Ethan B},
  booktitle={Engineering in Medicine and Biology Society (EMBC), 2015 37th Annual International Conference of the IEEE},
  pages={6398--6404},
  year={2015},
  organization={IEEE}
}

@article{berg1948simple,
  title={A simple objective technique for measuring flexibility in thinking},
  author={Berg, Esta A},
  journal={The Journal of general psychology},
  volume={39},
  number={1},
  pages={15--22},
  year={1948},
  publisher={Taylor \& Francis}
}

@article{ekman1977facial,
  title={Facial action coding system},
  author={Ekman, Paul and Friesen, Wallace V},
  year={1977},
  publisher={Consulting Psychologists Press, Stanford University, Palo Alto}
}

@article{unsworth2015playing,
  title={Is playing video games related to cognitive abilities?},
  author={Unsworth, Nash and Redick, Thomas S and McMillan, Brittany D and Hambrick, David Z and Kane, Michael J and Engle, Randall W},
  journal={Psychological science},
  volume={26},
  number={6},
  pages={759--774},
  year={2015},
  publisher={SAGE Publications}
}

@article{terlecki2005important,
  title={How important is the digital divide? The relation of computer and videogame usage to gender differences in mental rotation ability},
  author={Terlecki, Melissa S and Newcombe, Nora S},
  journal={Sex Roles},
  volume={53},
  number={5},
  pages={433--441},
  year={2005},
  publisher={Springer}
}

@article{goodie2000validation,
  title={Validation of Polar heart rate monitor for assessing heart rate during physical and mental stress.},
  author={Goodie, Jeffrey L and Larkin, Kevin T and Schauss, Scott},
  journal={Journal of Psychophysiology},
  volume={14},
  number={3},
  pages={159},
  year={2000},
  publisher={Hogrefe \& Huber Publishers}
}


@inproceedings{bevilacqua2015proposal,
  title={Proposal for Non-Contact Analysis of Multimodal Inputs to Measure Stress Level in Serious Games},
  author={Bevilacqua, Fernando and Backlund, Per and Engstrom, Henrik},
  booktitle={Games and Virtual Worlds for Serious Applications (VS-Games), 2015 7th International Conference on},
  pages={1--4},
  year={2015},
  organization={IEEE}
}

@article{cohn2007observer,
  title={Observer-based measurement of facial expression with the Facial Action Coding System},
  author={Cohn, Jeffrey F and Ambadar, Zara and Ekman, Paul},
  journal={The handbook of emotion elicitation and assessment},
  pages={203--221},
  year={2007},
  publisher={Oxford University Press, New York, NY}
}
 
@article{51193703,
    author = {Guillaume Chanel and Cyril Rebetez and Mireille Bétrancourt and Thierry Pun},
    title = {{Emotion Assessment From Physiological Signals for Adaptation of Game Difficulty}},
    journal = {IEEE Transactions on Systems, Man, and Cybernetics},
    volume = {41},
    year = {2011},
    pages = {1052--1063},
    issue = {6},
    doi = {10.1109/TSMCA.2011.2116000},
    masid = {51193703}
}

@INPROCEEDINGS{mcduff2014remote, 
    author={McDuff, D. and Gontarek, S. and Picard, R.}, 
    booktitle={Engineering in Medicine and Biology Society (EMBC), 2014 36th Annual International Conference of the IEEE}, 
    title={Remote measurement of cognitive stress via heart rate variability}, 
    year={2014}, 
    month={Aug}, 
    pages={2957-2960}, 
    doi={10.1109/EMBC.2014.6944243}, 
    ISSN={1557-170X}
}


@INPROCEEDINGS{Ubiratan, 
    author={Ubiratan S. Freitas}, 
    booktitle={eTELEMED 2014, The Sixth International Conference on eHealth, Telemedicine, and Social Medicine}, 
    title={Remote Camera-based Pulse Oximetry}, 
    year={2014}, 
    month={Mar}, 
    pages={59-63}, 
    ISSN={2308-4359}
}

@INPROCEEDINGS{Kong, 
    author={Lingqin Kong and Yuejin Zhao and Liquan Dong and Yiyun Jian and Xiaoli Jin and Bing Li and Yun Feng and Ming Liu and Xiaohua Liu and Hong Wu}, 
    booktitle={Optics Express 21}, 
    title={Non-contact detection of oxygen saturation based on visible light imaging device using ambient light}, 
    year={2013}, 
    ISSN={1094-4087}
}

@inbook{Irani,
    title = "Improved Pulse Detection from Head Motions Using DCT",
    keywords = "Heartbeat rate, Head motion detection, Trajectory tracking, Feature point tracker, Electrocardiogram, Discrete cosine transforms, Principle component analysis",
    publisher = "Institute for Systems and Technologies of Information, Control and Communication",
    author = "Ramin Irani and Kamal Nasrollahi and Moeslund, {Thomas B.}",
    year = "2014",
    booktitle = "9th International Conference on Computer Vision Theory and Applications",
}

@InProceedings{6619284,
  author    = {Guha Balakrishnan and Fredo Durand and John Guttag},
  title     = {Detecting Pulse from Head Motions in Video},
  booktitle = {Computer Vision and Pattern Recognition (CVPR), 2013 IEEE Conference on},
  year      = {2013},
  pages     = {3430-3437},
  month     = {June},
  publisher = {Institute of Electrical {\&} Electronics Engineers ({IEEE})},
  doi       = {10.1109/cvpr.2013.440},
  issn      = {1063-6919},
  url       = {http://dx.doi.org/10.1109/cvpr.2013.440},
}

@article{poh2011advancements,
  title={Advancements in noncontact, multiparameter physiological measurements using a webcam},
  author={Poh, Ming-Zher and McDuff, Daniel J and Picard, Rosalind W},
  journal={Biomedical Engineering, IEEE Transactions on},
  volume={58},
  number={1},
  pages={7--11},
  year={2011},
  publisher={IEEE}
}

@proceedings {8004,
	title = {Noncontact Automatic Heart Rate Analysis in Visible Spectrum by Specific Face Regions},
	journal = {CompSysTech{\textquoteright}13  14-th International Conference on Computer Systems and Technologies },
	volume = {767},
	year = {2013},
	address = {Ruse},
	isbn = {978-1-4503-2021-4},
	attachments = {http://ii.tudelft.nl/sites/default/files/compsystech13[2].pdf},
	author = {Dragos Datcu and Marina A. Cidota and Stephan Lukosch and Leon Rothkrantz}
}

@ARTICLE{Landowska, 
    author={Agnieszka Landowska}, 
    journal={Metrology and Measurement Systems},
    title={Emotion Monitoring Verification of Physiological Characteristics Measurement Procedures},
    year={2014},
    volume={21}, 
    number={4}, 
    pages={719-732}, 
    month={Dec}, 
    doi={10.2478/mms-2014-0049}, 
    ISSN={2300-1941}
}

@INPROCEEDINGS{Sereevoravitgul, 
    author={Thundluck Sereevoravitgul and Toshiaki Kondo}, 
    booktitle={5th International Conference on Information and Communication Technology for Embedded Systems (ICICTES2014)}, 
    title={A Comparative Study for Heart Rate Measurement in Video Sequences}, 
    year={2014}, 
    month={Jan}
}

@INPROCEEDINGS{ViolaJones,
    author = {Paul Viola and Michael Jones},
    title = {Robust Real-time Object Detection},
    booktitle = {International Journal of Computer Vision},
    year = {2001}
}

@inproceedings{EdwardsAAM,
     author = {Edwards, G. J. and Taylor, C. J. and Cootes, T. F.},
     title = {Interpreting Face Images Using Active Appearance Models},
     booktitle = {Proceedings of the 3rd. International Conference on Face \& Gesture Recognition},
     series = {FG '98},
     year = {1998},
     isbn = {0-8186-8344-9},
     pages = {300--},
     url = {http://dl.acm.org/citation.cfm?id=520809.796067},
     acmid = {796067},
     publisher = {IEEE Computer Society},
     address = {Washington, DC, USA},
} 


@article{32693887,
    author = {Nis Hjortskov and Dag Rissén and AnneKatrine Blangsted and Nils Fallentin and Ulf Lundberg and Karen Søgaard},
    title = {{The effect of mental stress on heart rate variability and blood pressure during computer work}},
    journal = {European Journal of Applied Physiology},
    volume = {92},
    year = {2004},
    pages = {84--89},
    issue = {1},
    doi = {10.1007/s00421-004-1055-z},
    masid = {32693887}
}

@inproceedings{50590784,
    author = {Ziev B. Moses and Linda J. Luecken and James C. Eason},
    title = {{Measuring Task-related Changes in Heart Rate Variability}},
    booktitle = {Annual International Conference of the IEEE Engineering in Medicine and Biology Society},
    year = {2007},
    pages = {644--647},
    doi = {10.1109/IEMBS.2007.4352372},
    masid = {50590784}
}

@INPROCEEDINGS{mental, 
    author={Dawei Zhou and Jiebo Luo and Vincent M.B. Silenzio and Yun Zhou and Jile Hu and Glenn Currier and Henry Kautz}, 
    booktitle={Proceedings Of The 29th AAAI Conference On Artificial Intelligence And The 27th Innovative Applications Of Artificial Intelligence Conferenc}, 
    title={Tackling Mental Health by Integrating Unobtrusive Multimodal Sensing}, 
    year={2015}, 
    month={April}, 
    ISSN={2374-3468}
}

@book{picard2000affective,
  title={Affective computing},
  author={Picard, Rosalind W},
  year={2000},
  publisher={MIT press}
}

@article{liu2009dynamic,
  title={Dynamic difficulty adjustment in computer games through real-time anxiety-based affective feedback},
  author={Liu, Changchun and Agrawal, Pramila and Sarkar, Nilanjan and Chen, Shuo},
  journal={International Journal of Human-Computer Interaction},
  volume={25},
  number={6},
  pages={506-529},
  year={2009},
  publisher={Taylor \& Francis}
}

@book{csikszentmihalyi1990psychology,
  title={The psychology of optimal experience},
  author={Csikszentmihalyi, Mihaly},
  year={1990},
  publisher={Harper \& Row}
}

@article{cowie2001emotion,
  title={Emotion recognition in human-computer interaction},
  author={Cowie, Roddy and Douglas-Cowie, Ellen and Tsapatsoulis, Nicolas and Votsis, George and Kollias, Stefanos and Fellenz, Winfried and Taylor, John G},
  journal={Signal Processing Magazine, IEEE},
  volume={18},
  number={1},
  pages={32--80},
  year={2001},
  publisher={IEEE}
}

@Article{allen2007photoplethysmography,
  author    = {Allen, John},
  title     = {Photoplethysmography and its application in clinical physiological measurement},
  journal   = {Physiological measurement},
  year      = {2007},
  volume    = {28},
  number    = {3},
  pages     = {R1},
  file      = {:allen2007photoplethysmography - Photoplethysmography and its application in clinical physiological measurement.pdf:PDF},
  publisher = {IOP Publishing},
}


@article{susi2007serious,
  title={Serious games: An overview},
  author={Susi, Tarja and Johannesson, Mikael and Backlund, Per},
  year={2007},
  publisher={Institutionen f{\"o}r kommunikation och information}
}

@inproceedings{ravaja20051,
  title={The Psychophysiology of Video Gaming: Phasic Emotional Responses to Game Events},
  author={Ravaja, Niklas and Saari, Timo and Laarni, Jari and Kallinen, Kari and Salminen, Mikko and Holopainen, Jussi and J{\"a}rvinen, Aki},
  booktitle={International DiGRA Conference},
  year={2005}
}

@article{boyle2012engagement,
  title={Engagement in digital entertainment games: A systematic review},
  author={Boyle, Elizabeth A and Connolly, Thomas M and Hainey, Thomas and Boyle, James M},
  journal={Computers in Human Behavior},
  volume={28},
  number={3},
  pages={771--780},
  year={2012},
  publisher={Elsevier}
}

@article{jennett2008measuring,
  title={Measuring and defining the experience of immersion in games},
  author={Jennett, Charlene and Cox, Anna L and Cairns, Paul and Dhoparee, Samira and Epps, Andrew and Tijs, Tim and Walton, Alison},
  journal={International journal of human-computer studies},
  volume={66},
  number={9},
  pages={641--661},
  year={2008},
  publisher={Elsevier}
}

@inproceedings{brown2004grounded,
  title={A grounded investigation of game immersion},
  author={Brown, Emily and Cairns, Paul},
  booktitle={CHI'04 extended abstracts on Human factors in computing systems},
  pages={1297--1300},
  year={2004},
  organization={ACM}
}

@article{weibel2011immersion,
  title={Immersion in computer games: The role of spatial presence and flow},
  author={Weibel, David and Wissmath, Bartholom{\"a}us},
  journal={International Journal of Computer Games Technology},
  volume={2011},
  pages={6},
  year={2011},
  publisher={Hindawi Publishing Corp.}
}

@article{engstrom2016impact,
  title={The impact of contextualization on immersion in healthcare simulation},
  author={Engstr{\"o}m, Henrik and Hagiwara, Magnus Andersson and Backlund, Per and Lebram, Mikael and Lundberg, Lars and Johannesson, Mikael and Sterner, Anders and S{\"o}derholm, Hanna Maurin},
  journal={Advances in Simulation},
  volume={1},
  number={1},
  pages={1},
  year={2016},
  publisher={BioMed Central}
}

@article{melcer2015games,
  title={Games Research Today: Analyzing the Academic Landscape 2000-2014},
  author={Melcer, Edward and Nguyen, Truong-Huy Dinh and Chen, Zhengxing and Canossa, Alessandro and El-Nasr, Magy Seif and Isbister, Katherine},
  journal={network},
  volume={17},
  pages={20},
  year={2015}
}

@book{koster2013theory,
  title={Theory of fun for game design},
  author={Koster, Raph},
  year={2013},
  publisher={" O'Reilly Media, Inc."}
}

@book{schell2014art,
  title={The Art of Game Design: A book of lenses},
  author={Schell, Jesse},
  year={2014},
  publisher={CRC Press}
}

@article{rani2006empirical,
  title={An empirical study of machine learning techniques for affect recognition in human--robot interaction},
  author={Rani, Pramila and Liu, Changchun and Sarkar, Nilanjan and Vanman, Eric},
  journal={Pattern Analysis and Applications},
  volume={9},
  number={1},
  pages={58--69},
  year={2006},
  publisher={Springer}
}

@article{sharma2006assessment,
  title={Assessment of computer game as a psychological stressor},
  author={Sharma, Ratna and Khera, SHVETA and Mohan, AMIT and Gupta, NIDHI and Ray, ROOMA BASU},
  journal={Indian journal of physiology and pharmacology},
  volume={50},
  number={4},
  pages={367},
  year={2006},
  publisher={DEPARTMENT OF PHYSIOLOGY ALL INDIAN INSTITUTE OF}
}

@article{fenton2012emotion,
  title={Emotion regulation and trader expertise: Heart rate variability on the trading floor.},
  author={Fenton-O'Creevy, Mark and Lins, Jeffrey T and Vohra, Shalini and Richards, Daniel W and Davies, Gareth and Schaaff, Kristina},
  journal={Journal of Neuroscience, Psychology, and Economics},
  volume={5},
  number={4},
  pages={227},
  year={2012},
  publisher={Educational Publishing Foundation}
}

@Article{appelhans2006heart,
  author    = {Appelhans, Bradley M and Luecken, Linda J},
  title     = {Heart rate variability as an index of regulated emotional responding.},
  journal   = {Review of general psychology},
  year      = {2006},
  volume    = {10},
  number    = {3},
  pages     = {229},
  file      = {:appelhans2006heart - Heart rate variability as an index of regulated emotional responding.pdf:PDF},
  publisher = {Educational Publishing Foundation},
}

@article{kivikangas2011review,
  title={A review of the use of psychophysiological methods in game research},
  author={Kivikangas, J Matias and Chanel, Guillaume and Cowley, Ben and Ekman, Inger and Salminen, Mikko and J{\"a}rvel{\"a}, Simo and Ravaja, Niklas},
  journal={Journal of Gaming \& Virtual Worlds},
  volume={3},
  number={3},
  pages={181--199},
  year={2011},
  publisher={Intellect}
}

@incollection{tijs2008dynamic,
  title={Dynamic game balancing by recognizing affect},
  author={Tijs, Tim JW and Brokken, Dirk and IJsselsteijn, Wijnand A},
  booktitle={Fun and Games},
  pages={88--93},
  year={2008},
  publisher={Springer}
}

@inproceedings{yamakoshi2007preliminary,
  title={A preliminary study on driver's stress index using a new method based on differential skin temperature measurement},
  author={Yamakoshi, Takehiro and Yamakoshi, Ken-ichi and Tanaka, Shinobu and Nogawa, Masamichi and Shibata, Mariko and Sawada, Y and Rolfe, P and Hirose, Yukio},
  booktitle={Engineering in Medicine and Biology Society, 2007. EMBS 2007. 29th Annual International Conference of the IEEE},
  pages={722--725},
  year={2007},
  organization={IEEE}
}

@inproceedings{yamaguchi2006evaluation,
  title={Evaluation of driver stress using biomarker in motor-vehicle driving simulator},
  author={Yamaguchi, Motonori and Wakasugi, J and Sakakima, J},
  booktitle={Engineering in Medicine and Biology Society, 2006. EMBS'06. 28th Annual International Conference of the IEEE},
  pages={1834--1837},
  year={2006},
  organization={IEEE}
}

@article{healey2005detecting,
  title={Detecting stress during real-world driving tasks using physiological sensors},
  author={Healey, Jennifer A and Picard, Rosalind W},
  journal={Intelligent Transportation Systems, IEEE Transactions on},
  volume={6},
  number={2},
  pages={156--166},
  year={2005},
  publisher={IEEE}
}


@article{schubert2009effects,
  title={Effects of stress on heart rate complexity—a comparison between short-term and chronic stress},
  author={Schubert, C and Lambertz, M and Nelesen, RA and Bardwell, W and Choi, J-B and Dimsdale, JE},
  journal={Biological psychology},
  volume={80},
  number={3},
  pages={325--332},
  year={2009},
  publisher={Elsevier}
}

@inproceedings{choi2009using,
  title={Using heart rate monitors to detect mental stress},
  author={Choi, Jongyoon and Gutierrez-Osuna, Ricardo},
  booktitle={Wearable and Implantable Body Sensor Networks, 2009. BSN 2009. Sixth International Workshop on},
  pages={219--223},
  year={2009},
  organization={IEEE}
}

@article{cardena2000psychometric,
  title={Psychometric properties of the Stanford Acute Stress Reaction Questionnaire (SASRQ): A valid and reliable measure of acute stress},
  author={Cardena, Etzel and Koopman, Cheryl and Classen, Catherine and Waelde, Lynn C and Spiegel, David},
  journal={Journal of traumatic stress},
  volume={13},
  number={4},
  pages={719--734},
  year={2000},
  publisher={Springer}
}


@article{morris1995observations,
  title={Observations: SAM: the Self-Assessment Manikin; an efficient cross-cultural measurement of emotional response},
  author={Morris, Jon D},
  journal={Journal of advertising research},
  volume={35},
  number={6},
  pages={63--68},
  year={1995}
}

@book{kirk1982experimental,
  title={Experimental design},
  author={Kirk, Roger E},
  year={1982},
  publisher={Wiley Online Library}
}


@book{lane2015online,
  title={Online statistics education: An interactive multimedia course of study},
  author={Lane, David M},
  year={2015}
}


@article{trochim2001research,
  title={Research methods knowledge base},
  author={Trochim, William MK and Donnelly, James P},
  year={2001},
  publisher={Atomic Dog Pub.}
}


@article{campbell1986relabeling,
  title={Relabeling internal and external validity for applied social scientists},
  author={Campbell, Donald T},
  journal={New Directions for Program Evaluation},
  volume={1986},
  number={31},
  pages={67--77},
  year={1986},
  publisher={Wiley Online Library}
}

@Article{dlib09,
  author        = {Davis E. King},
  title         = {Dlib-ml: A Machine Learning Toolkit},
  journal       = {Journal of Machine Learning Research},
  year          = {2009},
  volume        = {10},
  pages         = {1755-1758},
  __markedentry = {[bevf:6]},
}

@Article{giannakakis2017stress,
  author    = {G. Giannakakis and M. Pediaditis and D. Manousos and E. Kazantzaki and F. Chiarugi and P.G. Simos and K. Marias and M. Tsiknakis},
  title     = {Stress and anxiety detection using facial cues from videos},
  journal   = {Biomedical Signal Processing and Control},
  year      = {2017},
  volume    = {31},
  pages     = {89--101},
  month     = {jan},
  abstract  = {This study develops a framework for the detection and analysis of stress/anxiety emotional states through video-recorded facial cues. A thorough experimental protocol was established to induce systematic variability in affective states (neutral, relaxed and stressed/anxious) through a variety of external and internal stressors. The analysis was focused mainly on non-voluntary and semi-voluntary facial cues in order to estimate the emotion representation more objectively. Features under investigation included eye-related events, mouth activity, head motion parameters and heart rate estimated through camera-based photoplethysmography. A feature selection procedure was employed to select the most robust features followed by classification schemes discriminating between stress/anxiety and neutral states with reference to a relaxed state in each experimental phase. In addition, a ranking transformation was proposed utilizing self reports in order to investigate the correlation of facial parameters with a participant perceived amount of stress/anxiety. The results indicated that, specific facial cues, derived from eye activity, mouth activity, head movements and camera based heart activity achieve good accuracy and are suitable as discriminative indicators of stress and anxiety.},
  doi       = {10.1016/j.bspc.2016.06.020},
  file      = {:giannakakis2017stress - Stress and anxiety detection using facial cues from videos.pdf:PDF},
  publisher = {Elsevier},
  url       = {http://dx.doi.org/10.1016/j.bspc.2016.06.020},
}

@Comment{jabref-meta: databaseType:bibtex;}
